
@article{notions-pets2019,
  title = {On Privacy Notions in Anonymous Communication},
  author = {Christiane Kuhn and Martin Beck and Stefan Schiffner and Eduard Jorswieck and
        Thorsten Strufe},
  journal = {Proceedings on Privacy Enhancing Technologies},
  volume = {2019},
  number = {2},
  year = {2019},
  month = {April},
  www_tags = {selected},
  www_pdf_url = {https://petsymposium.org/2019/files/papers/issue2/popets-2019-0022.pdf},
  www_section = {Traffic analysis},
}

@article{piotrowska2017loopix,
	Author = {Piotrowska, Ania and Hayes, Jamie and Elahi, Tariq and Meiser, Sebastian and Danezis, George},
	Journal = {arXiv preprint arXiv:1703.00536},
	Title = {The Loopix Anonymity System},
	Url = {https://arxiv.org/pdf/1703.00536},
	Year = {2017},
	Bdsk-Url-1 = {https://arxiv.org/pdf/1703.00536}}

@inproceedings{DanezisG09,
  author    = {George Danezis and Ian Goldberg},
  title     = {Sphinx: A Compact and Provably Secure Mix Format},
  booktitle = {Proceedings of the 30th IEEE Symposium on Security and Privacy (S\&P 2009)},
  year = {2009},  
  pages     = {269--282},
  ee        = {http://dx.doi.org/10.1109/SP.2009.15},
  www_tags = {selected},
  www_pdf_url = {http://research.microsoft.com/en-us/um/people/gdane/papers/sphinx-eprint.pdf},
  www_section = comm
}

@inproceedings{stop-and-go,
	Author = {Dogan Kesdogan and Jan Egner and Roland B\"uschkes},
	Booktitle = {Proceedings of Information Hiding Workshop (IH 1998)},
	Publisher = {Springer-Verlag, LNCS 1525},
	Title = {Stop-and-Go {MIX}es: Providing Probabilistic Anonymity in an Open System},
	Www_Pdf_Url = {http://www.uow.edu.au/~ldn01/infohide98.pdf},
	Www_Tags = {selected},
	Year = {1998}}

@inproceedings{topology-pet2010,
  title = {Impact of Network Topology on Anonymity and Overhead in Low-Latency Anonymity Networks},
  author = {Claudia Diaz and Steven J. Murdoch and Carmela Troncoso},
  booktitle = {Proceedings of the 10th Privacy Enhancing Technologies Symposium (PETS 2010)},
  year = {2010},
  month = {July},
  location = {Berlin, Germany},
  www_tags = {selected},
  www_pdf_url = {http://www.cosic.esat.kuleuven.be/publications/article-1230.pdf},
  www_section = traffic
}


@online{KatzMixnet,
   title = {Katzenpost Mix Network Specification},
   author = {Yawning Angel and George Danezis and Claudia Diaz and Ania Piotrowska and David Stainton},
   url = {https://github.com/Katzenpost/docs/blob/master/specs/mixnet.rst},
   year = {2017}
}

@online{KatzEndToEnd,
   title = {Katzenpost Mix Network Specification},
   author = {Yawning Angel and George Danezis and Claudia Diaz and Ania Piotrowska and David Stainton},
   url = {https://github.com/Katzenpost/docs/blob/master/specs/mixnet.rst},
   year = {2017}
}


@online{KatzMixWire,
   title = {Katzenpost Mix Network Wire Protocol Specification},
   author = {Yawning Angel},
   url = {https://github.com/katzenpost/docs/blob/master/specs/wire-protocol.rst},
   year = {2017}
}

@online{KatzMixPKI,
   title = {Katzenpost Mix Network Public Key Infrastructure Specification},
   author = {Yawning Angel and Ania Piotrowska and David Stainton},
   url= {https://github.com/katzenpost/docs/blob/master/specs/pki.rst},
   year = {2017}
}

@online{SphinxSpec,
   title = {Sphinx Mix Network Cryptographic Packet Format Specification},
   author = {Yawning Angel and George Danezis and Claudia Diaz and Ania Piotrowska and David Stainton},
   url = {https://github.com/katzenpost/docs/blob/master/specs/sphinx.rst},
   year = {2017}
}

@inproceedings{danezis:wpes2003,
	Author = {George Danezis and Len Sassaman},
	Booktitle = {{Proceedings of the Workshop on Privacy in the Electronic Society (WPES 2003)}},
	Location = {Washington, DC, USA},
	Month = {October},
	Title = {Heartbeat Traffic to Counter (n-1) Attacks},
	Www_Pdf_Url = {http://www.cl.cam.ac.uk/users/gd216/p125_danezis.pdf},
	Www_Remarks = {Mix nodes should send out "heartbeat" messages (dummies that start and end at that node). By measuring how many return in a given time, they can detect whether the adversary is dropping or delaying traffic coming into them (possibly so he can launch an active blending attack).},
	Www_Tags = {selected},
	Year = {2003}}

@inproceedings{trickle02,
	Author = {Andrei Serjantov and Roger Dingledine and Paul Syverson},
	Booktitle = {Proceedings of Information Hiding Workshop (IH 2002)},
	Editor = {Fabien Petitcolas},
	Month = {October},
	Publisher = {Springer-Verlag, LNCS 2578},
	Title = {From a Trickle to a Flood: Active Attacks on Several Mix Types},
	Www_Important = {1},
	Www_Pdf_Url = {http://freehaven.net/doc/batching-taxonomy/taxonomy.pdf},
	Www_Ps_Url = {http://freehaven.net/doc/batching-taxonomy/taxonomy.ps},
	Www_Tags = {selected},
	Year = {2002}}

@inproceedings{danezis-pet2008,
  title = {Bridging and Fingerprinting: Epistemic Attacks on Route Selection},
  author = {George Danezis and Paul Syverson},
  booktitle = {Proceedings of the Eighth International Symposium on Privacy Enhancing
        Technologies (PETS 2008)},
  year = {2008},
  month = {July},
  location = {Leuven, Belgium},
  pages = {133--150},
  editor = {Nikita Borisov and Ian Goldberg},
  publisher = {Springer},
  www_important = {1},
  www_tags = {selected},
  bookurl = {http://petsymposium.org/2008/},
  www_pdf_url = {http://research.microsoft.com/~gdane/papers/bridge.pdf},
  www_section = {Traffic analysis},
}

@inproceedings{esorics05-Klonowski,
  title = {Local View Attack on Anonymous Communication},
  author = {Marcin Gogolewski and Marek Klonowski and Miroslaw Kutylowski},
  booktitle = {Proceedings of ESORICS 2005},
  year = {2005},
  month = {September},
  www_tags = {selected},
  www_ps_url = {http://www.im.pwr.wroc.pl/~klonowsk/LocalViewAttack.ps},
  www_section = {Traffic analysis},
}

@inproceedings{DanezisC06,
  author    = {George Danezis and
               Richard Clayton},
  title     = {Route Fingerprinting in Anonymous Communications},
  booktitle = {Sixth {IEEE} International Conference on Peer-to-Peer Computing {(P2P}
               2006), 2-4 October 2006, Cambridge, United Kingdom},
  pages     = {69--72},
  year      = {2006},
  url       = {https://doi.org/10.1109/P2P.2006.33},
  doi       = {10.1109/P2P.2006.33},
  timestamp = {Wed, 16 Oct 2019 14:14:52 +0200},
  biburl    = {https://dblp.org/rec/bib/conf/p2p/DanezisC06},
  bibsource = {dblp computer science bibliography, https://dblp.org}
}

@inproceedings{ih05-danezisclulow,
	Author = {George Danezis and Jolyon Clulow},
	Booktitle = {Proceedings of Information Hiding Workshop (IH 2005)},
	Month = {June},
	Pages = {11--25},
	Title = {Compulsion Resistant Anonymous Communications},
	Www_Pdf_Url = {http://www.cl.cam.ac.uk/users/gd216/compel.pdf},
	Www_Tags = {selected},
	Year = {2005}}

@inproceedings{Dan:SFMix03,
	Author = {George Danezis},
	Booktitle = {Proceedings of 7th Nordic Workshop on Secure {IT} Systems},
	Day = {7},
	Editor = {Fisher-Hubner, Jonsson},
	Location = {Karlstad, Sweden},
	Month = {November},
	Pages = {195--207},
	Title = {Forward Secure Mixes},
	Www_Pdf_Url = {http://www.cl.cam.ac.uk/~gd216/fsmix.pdf},
	Www_Tags = {selected},
	Year = {2002}}

@misc{cryptoeprint:2016:489,
	Author = {Nethanel Gelernter and Amir Herzberg and Hemi Leibowitz},
	Howpublished = {Cryptology ePrint Archive, Report 2016/489},
	Title = {Two Cents for Strong Anonymity: The Anonymous Post-office Protocol},
	Url = {https://eprint.iacr.org/2016/489.pdf},
	Year = {2016},
	Bdsk-Url-1 = {https://eprint.iacr.org/2016/489.pdf}}

@misc{cryptoeprint:2017:1000,
  title = {No right to remain silent: Isolating Malicious Mixes},
  author = {Hemi Leibowitz and Ania Piotrowska and George Danezis and Amir Herzberg},
  year = {2017},
  month = {October},
  howpublished = {Cryptology ePrint Archive, Report 2017/1000},
  www_tags = {selected},
  www_section = {Anonymous communication},
  www_pdf_url = {http://eprint.iacr.org/2017/1000.pdf},
  www_html_url = {http://eprint.iacr.org/2017/1000},
}

@inproceedings{minion-design,
  title = {{Mixminion: Design of a Type III Anonymous Remailer Protocol}}, 
  author = {George Danezis and Roger Dingledine and Nick Mathewson}, 
  booktitle = {Proceedings of the 2003 IEEE Symposium on Security and Privacy}, 
  year = {2003}, 
  month = {May}, 
  pages = {2--15}, 
  www_important = {1}, 
  www_tags = {selected}, 
  www_section = {Anonymous communication}, 
  www_pdf_url = {http://mixminion.net/minion-design.pdf}, 
}

@online{PANDA,
  title = {Going Dark: Phrase Automated Nym Discovery Authentication},
  author = {Jacob Appelbaum and another cypherpunk},
  url = {https://github.com/agl/pond/blob/master/papers/panda/panda.tex},
  year = {2014}
}
